[gd_scene load_steps=6 format=3 uid="uid://d2jy2mqnc0j00"]

[ext_resource type="Script" path="res://scripts/main.gd" id="1_3lmlo"]
[ext_resource type="PackedScene" uid="uid://bwl3g80i4d32o" path="res://prefabs/pile.tscn" id="2_bluae"]
[ext_resource type="Texture2D" uid="uid://5mpdlu8r2e0p" path="res://sprites/background.svg" id="2_mfj7i"]
[ext_resource type="FontFile" uid="uid://dh2ko14ik816i" path="res://fonts/Playwrite_PT/PlaywritePT-VariableFont_wght.ttf" id="7_kb8ky"]
[ext_resource type="AudioStream" uid="uid://d3nd6qt7ksuny" path="res://sound/music.mp3" id="8_6xcx4"]

[node name="Main" type="Node2D"]
script = ExtResource("1_3lmlo")

[node name="Background" type="Sprite2D" parent="."]
scale = Vector2(0.487886, 0.41573)
texture = ExtResource("2_mfj7i")

[node name="PlayZone" type="Node2D" parent="."]

[node name="Pile" parent="PlayZone" instance=ExtResource("2_bluae")]
position = Vector2(-448, -184)

[node name="Pile2" parent="PlayZone" instance=ExtResource("2_bluae")]
position = Vector2(-128, -184)
zone = 1

[node name="Pile3" parent="PlayZone" instance=ExtResource("2_bluae")]
position = Vector2(192, -184)
zone = 2

[node name="Camera2D" type="Camera2D" parent="."]
zoom = Vector2(1.2, 1.2)

[node name="Cards" type="Node2D" parent="."]

[node name="Hand" type="Node2D" parent="."]
position = Vector2(-256, 192)

[node name="Card0" type="Node2D" parent="Hand"]

[node name="Card1" type="Node2D" parent="Hand"]
position = Vector2(128, 0)

[node name="Card2" type="Node2D" parent="Hand"]
position = Vector2(256, 0)

[node name="Card3" type="Node2D" parent="Hand"]
position = Vector2(384, 0)

[node name="Card4" type="Node2D" parent="Hand"]
position = Vector2(512, 0)

[node name="UI" type="Node2D" parent="."]

[node name="Label" type="Label" parent="UI"]
offset_left = -450.0
offset_top = -264.0
offset_right = -64.0
offset_bottom = -186.0
theme_override_fonts/font = ExtResource("7_kb8ky")
theme_override_font_sizes/font_size = 35
text = "SCORE :"

[node name="GameOver" type="Label" parent="UI"]
visible = false
offset_left = -208.0
offset_top = 88.0
offset_right = 210.0
offset_bottom = 266.0
theme_override_colors/font_shadow_color = Color(0, 0, 0, 1)
theme_override_fonts/font = ExtResource("7_kb8ky")
theme_override_font_sizes/font_size = 40
text = "Game over
Press space to retry"
horizontal_alignment = 1
vertical_alignment = 1

[node name="Score" type="Label" parent="UI"]
offset_left = -248.0
offset_top = -264.0
offset_right = 130.0
offset_bottom = -186.0
theme_override_fonts/font = ExtResource("7_kb8ky")
theme_override_font_sizes/font_size = 35
text = "00
"

[node name="Label2" type="Label" parent="UI"]
offset_left = 328.0
offset_top = 208.0
offset_right = 472.0
offset_bottom = 265.0
theme_override_fonts/font = ExtResource("7_kb8ky")
theme_override_font_sizes/font_size = 25
text = "Seeds :"

[node name="Seeds" type="Label" parent="UI"]
offset_left = 432.0
offset_top = 212.0
offset_right = 480.0
offset_bottom = 269.0
theme_override_fonts/font = ExtResource("7_kb8ky")
theme_override_font_sizes/font_size = 25
text = "24
"

[node name="AudioStreamPlayer2D" type="AudioStreamPlayer2D" parent="."]
stream = ExtResource("8_6xcx4")
volume_db = -20.0
autoplay = true

[connection signal="input_event" from="PlayZone/Pile" to="." method="_on_pile_input_event" binds= [0]]
[connection signal="input_event" from="PlayZone/Pile2" to="." method="_on_pile_input_event" binds= [1]]
[connection signal="input_event" from="PlayZone/Pile3" to="." method="_on_pile_input_event" binds= [2]]
